@Book{Swan,
ALTauthor = {Swan, P. A.},
ALTeditor = {•},
title = {•},
publisher = {•},
year = {•},
OPTkey = {•},
OPTvolume = {•},
OPTnumber = {•},
OPTseries = {•},
OPTaddress = {•},
OPTedition = {•},
OPTmonth = {•},
OPTnote = {•},
OPTannote = {•}
}
